%hlavny clanok
@inproceedings{litman2016natural,
  title     = {Natural language processing for enhancing teaching and learning.},
  author    = {Litman, Diane J},
  booktitle = {AAAI},
  pages     = {4170--4176},
  year      = {2016}
}
%NLP historia
@misc{historia,
  howpublished = {\url{https://en.wikipedia.org/wiki/Natural_language_processing#History}}
}
%Clanok o lepsej vyucbe
@article{clanok_o_studovani,
  author  = {Chi M.; VanLehn K.; Litman D.; and Jordan},
  title   = {An evaluation of pedagogical tutorial tactics for a natural language tutoring system: A reinforcement learning approach.},
  journal = {International Journal of Artificial Intelligence in Education},
  volume  = {21(1-2)},
  number  = {83–11},
  year    = {2011}
}
%Turingov clanok o NLP
@incollection{turing2009computing,
  title     = {Computing machinery and intelligence},
  author    = {Turing, Alan M},
  booktitle = {Parsing the turing test},
  pages     = {23--65},
  year      = {2009},
  publisher = {Springer}
}
%prisposobenie textu
@inproceedings{miltsakaki2009matching,
  title     = {Matching readers’ preferences and reading skills with appropriate web texts},
  author    = {Miltsakaki, Eleni},
  booktitle = {Proceedings of the Demonstrations Session at EACL 2009},
  pages     = {49--52},
  year      = {2009}
}